<record><leader>00000cas a22000007a 4500</leader><controlfield tag="001">12026907</controlfield><controlfield tag="008">850513d186718uuohuir ne      0    0eng d</controlfield><datafield ind1=" " ind2=" " tag="010"><subfield code="a">sn 85026094 </subfield></datafield><datafield ind1=" " ind2=" " tag="040"><subfield code="a">NPX</subfield><subfield code="b">eng</subfield><subfield code="c">NPX</subfield><subfield code="d">NPU</subfield><subfield code="d">ONP</subfield><subfield code="d">OCLCQ</subfield></datafield><datafield ind1=" " ind2=" " tag="042"><subfield code="a">msc</subfield></datafield><datafield ind1="0" ind2=" " tag="130"><subfield code="a">Tri-weekly journal (Ironton, Ohio : 1867)</subfield></datafield><datafield ind1="1" ind2="0" tag="245"><subfield code="a">Tri-weekly journal.</subfield></datafield><datafield ind1=" " ind2=" " tag="260"><subfield code="a">Ironton, Ohio :</subfield><subfield code="b">Journal Print. Co.</subfield></datafield><datafield ind1=" " ind2=" " tag="300"><subfield code="a">v. ;</subfield><subfield code="c">57 cm.</subfield></datafield><datafield ind1=" " ind2=" " tag="310"><subfield code="a">Triweekly</subfield></datafield><datafield ind1="1" ind2=" " tag="362"><subfield code="a">Began in 1867.</subfield><subfield code="z">Cf. Rowell, 1873.</subfield></datafield><datafield ind1=" " ind2=" " tag="500"><subfield code="a">Editor: H.M. Adams, &lt;1876&gt;.</subfield></datafield><datafield ind1=" " ind2=" " tag="580"><subfield code="a">Weekly eds.: Ironton journal (Ironton, Ohio : 1867), Ironton weekly journal (Ironton, Ohio : 1872), and: Ironton journal (Ironton, Ohio : 1873).</subfield></datafield><datafield ind1=" " ind2=" " tag="588"><subfield code="a">Description based on: Vol. 1, no. 18 (May 15, 1873).</subfield></datafield><datafield ind1=" " ind2=" " tag="752"><subfield code="a">United States</subfield><subfield code="b">Ohio</subfield><subfield code="c">Lawrence</subfield><subfield code="d">Ironton.</subfield></datafield><datafield ind1="1" ind2=" " tag="775"><subfield code="t">Ironton journal (Ironton, Ohio : 1867)</subfield><subfield code="w">(DLC)sn 85026091</subfield></datafield><datafield ind1="1" ind2=" " tag="775"><subfield code="t">Ironton weekly journal (Ironton, Ohio : 1872)</subfield><subfield code="w">(DLC)sn 86079006</subfield></datafield><datafield ind1="1" ind2=" " tag="775"><subfield code="t">Ironton journal (Ironton, Ohio : 1873)</subfield><subfield code="w">(DLC)sn 88078833</subfield></datafield><datafield ind1="1" ind2=" " tag="029"><subfield code="a">AU@</subfield><subfield code="b">000025826226</subfield></datafield></record>